@article{suzuki1985topological,
  title={Topological structural analysis of digitized binary images by border following},
  author={Suzuki, Satoshi and others},
  journal={Computer vision, graphics, and image processing},
  volume={30},
  number={1},
  pages={32--46},
  year={1985},
  publisher={Elsevier}
}
@inproceedings{bay2006surf,
  title={Surf: Speeded up robust features},
  author={Bay, Herbert and Tuytelaars, Tinne and Van Gool, Luc},
  booktitle={European conference on computer vision},
  pages={404--417},
  year={2006},
  organization={Springer}
}
@misc{surf_site,
  key = {opencv.org},
  title = {{Object Detection using SURF}},
  howpublished = {\url{http://answers.opencv.org/question/16548/object-detection-using-surf/}},
  note = {Accessed: 2018-11-20}
}
@inproceedings{viola2001rapid,
  title={Rapid object detection using a boosted cascade of simple features},
  author={Viola, Paul and Jones, Michael},
  booktitle={Computer Vision and Pattern Recognition, 2001. CVPR 2001. Proceedings of the 2001 IEEE Computer Society Conference on},
  volume={1},
  pages={I--I},
  year={2001},
  organization={IEEE}
}
@inproceedings{lewis1995fast,
  title={Fast template matching},
  author={Lewis, John P},
  booktitle={Vision interface},
  volume={95},
  pages={15--19},
  year={1995}
}
